<?xml version="1.0" encoding="UTF-8"?><collection><record><leader>02853ntm a2200397 a 4500</leader><controlfield tag="001">002631745</controlfield><controlfield tag="003">MiAaHDL</controlfield><controlfield tag="005">20190719000000.0</controlfield><controlfield tag="006">m        d        </controlfield><controlfield tag="007">cr bn ---auaua</controlfield><controlfield tag="008">930614s1875    xx            00| 0 ara d</controlfield><datafield tag="035" ind1=" " ind2=" "><subfield code="a">(MiU)002631745</subfield></datafield><datafield tag="035" ind1=" " ind2=" "><subfield code="a">sdr-miu002631745</subfield></datafield><datafield tag="035" ind1=" " ind2=" "><subfield code="a">(OCoLC)34366339</subfield></datafield><datafield tag="035" ind1=" " ind2=" "><subfield code="a">(RLIN)MIUH93-A96</subfield></datafield><datafield tag="040" ind1=" " ind2=" "><subfield code="a">MiU</subfield><subfield code="c">MiU</subfield><subfield code="e">appm</subfield></datafield><datafield tag="100" ind1="1" ind2=" "><subfield code="6">880-01</subfield><subfield code="a">Ḥamawī, Salīm Ilyās,</subfield><subfield code="d">1843-1913.</subfield></datafield><datafield tag="245" ind1="1" ind2="3"><subfield code="6">880-02</subfield><subfield code="a">al-Barāhīn al-qaṭʻīyah ʻalá ʻadam dawarān al-kurah al-arḍīyah :</subfield><subfield code="k">manuscript,</subfield><subfield code="f">[1875] /</subfield><subfield code="c">taʼlīf al-faqīr Salīm Ilyās al-Ḥamawī.</subfield></datafield><datafield tag="260" ind1=" " ind2=" "><subfield code="6">880-03</subfield><subfield code="a">al-Iskandarīyah :</subfield><subfield code="b">Maṭbaʻat al-Kawkab al-Sharqī,</subfield><subfield code="c">1875.</subfield></datafield><datafield tag="300" ind1=" " ind2=" "><subfield code="a">1</subfield><subfield code="f">v. (48, [44] p.) ;</subfield><subfield code="c">21 cm</subfield></datafield><datafield tag="500" ind1=" " ind2=" "><subfield code="a">[4] Jamāl al-Dīn ʻAbd Allāh ibn Khalīl al-Qāhirī al-Māridīnī, Hādhihi risālah fī al-ʻamal bi-al-rubʻ al-mujayyab, pp. [22-29]; [5] Saḥnūn ibn ʻUthmān al-Wansharīshī, Sihām al-rabṭ fī al-mukhammas al-khālī al-wasṭ, p. [30]; [6] ʻAbd al-Raḥmān ibn Muḥammad al-Akhḍarī, Azhar al-maṭālib fī hayʼat al-falāk wa-al-kawākib, pp. [31-43]; [7] Waḍʻ al-dāʼirah al-handasīyah fī maʻrifat zawāl kull yawm, p. [44].</subfield></datafield><datafield tag="500" ind1=" " ind2=" "><subfield code="a">Pp. 1-48. Bound with: [2] Ibn al-Maʻrūlī, Hādhihi risālah fī al-asṭurlāb, pp. [1-14]; [3] Hādhihi risālah min risālat al-shaykh al-muʻaddil bi-Gharnāṭah ṣāḥib al-awqāt bi-hā Abū al-Ḥasan ʻAlī ibn Abī Jaʻfar ibn Aḥmad ibn Yūsuf ibn Nāṣir al-Aslīmī, pp. [14-20];</subfield></datafield><datafield tag="510" ind1="4" ind2=" "><subfield code="a">GAL,</subfield><subfield code="c">Suppl. II, p. 735; Nosseir, 19th-Cent., nos. 5/223 and 5/224</subfield></datafield><datafield tag="520" ind1=" " ind2=" "><subfield code="a">Definitive proof drawn from the Bible that the earth does not rotate on an axis.</subfield></datafield><datafield tag="538" ind1=" " ind2=" "><subfield code="a">Mode of access: Internet.</subfield></datafield><datafield tag="541" ind1=" " ind2=" "><subfield code="d">07/--/36</subfield><subfield code="3">Manuscript</subfield><subfield code="a">McGregor Fund</subfield><subfield code="c">Purchase, 1933/34</subfield><subfield code="h">35 p.t.</subfield></datafield><datafield tag="545" ind1=" " ind2=" "><subfield code="a">Scion of Eastern Orthodox family, born in Damascus; with his brother ʻAbd Allāh established newspaper al-Kawkab al-sharqī and supplements Jarīdat al-Iskandarīyah and Jarīdat al-Fallāḥ.</subfield></datafield><datafield tag="561" ind1=" " ind2=" "><subfield code="a">Purchased in Cairo, 1933/34. Owner's mark: inside cover, manuscript notes in handwriting of Max Meyerhof.</subfield></datafield><datafield tag="650" ind1=" " ind2="0"><subfield code="a">Religion and science.</subfield></datafield><datafield tag="650" ind1=" " ind2="0"><subfield code="a">Manuscripts, Arabic</subfield><subfield code="z">Michigan</subfield><subfield code="z">Ann Arbor.</subfield></datafield><datafield tag="651" ind1=" " ind2="0"><subfield code="a">Earth (Planet)</subfield><subfield code="x">Rotation.</subfield></datafield><datafield tag="700" ind1="1" ind2=" "><subfield code="a">Meyerhof, Max,</subfield><subfield code="d">1874-1945,</subfield><subfield code="e">former owner.</subfield></datafield><datafield tag="773" ind1="0" ind2=" "><subfield code="a">Tracy W. McGregor Collection of Arabic, Persian, and Turkish Mathematical and Astronomical Manuscripts.</subfield><subfield code="7">unbc</subfield><subfield code="w">(CStRLIN)MIUH92-A20.</subfield></datafield><datafield tag="880" ind1=" " ind2=" "><subfield code="6">260-03/</subfield><subfield code="a">الاسكندرية :</subfield><subfield code="b">مطبعة الكوكب الشرقي،</subfield><subfield code="c">1875.</subfield></datafield><datafield tag="880" ind1="1" ind2="2"><subfield code="6">245-02/</subfield><subfield code="a">البراهين القطعية على عدم دوران الكرة الأرضية :</subfield><subfield code="k">manuscript،</subfield><subfield code="f">[1875] /</subfield><subfield code="c">تأليف الفقير سليم الياس الحموي.</subfield></datafield><datafield tag="880" ind1="0" ind2=" "><subfield code="6">100-01/</subfield><subfield code="a">سليم الياس الحموي.</subfield></datafield><datafield tag="CID" ind1=" " ind2=" "><subfield code="a">002631745</subfield></datafield><datafield tag="DAT" ind1="0" ind2=" "><subfield code="a">20190719102632.0</subfield><subfield code="b">20190719000000.0</subfield></datafield><datafield tag="DAT" ind1="1" ind2=" "><subfield code="a">20190719090653.0</subfield><subfield code="b">2019-07-19T16:10:44Z</subfield></datafield><datafield tag="DAT" ind1="2" ind2=" "><subfield code="a">2015-10-10T18:00:06Z</subfield><subfield code="b">2014-02-13T21:00:03Z</subfield></datafield><datafield tag="CAT" ind1=" " ind2=" "><subfield code="a">SDR-MIU</subfield><subfield code="d">EX LIBRIS - ALEPH</subfield><subfield code="l">prepare.pl-004-008</subfield></datafield><datafield tag="FMT" ind1=" " ind2=" "><subfield code="a">BK</subfield></datafield><datafield tag="HOL" ind1=" " ind2=" "><subfield code="0">sdr-miu002631745</subfield><subfield code="a">MiU</subfield><subfield code="b">SDR</subfield><subfield code="c">MIU</subfield><subfield code="p">mdp.39015078570432</subfield><subfield code="s">MIU</subfield><subfield code="1">002631745</subfield></datafield><datafield tag="974" ind1=" " ind2=" "><subfield code="b">MIU</subfield><subfield code="c">MIU</subfield><subfield code="d">20190719</subfield><subfield code="s">lit-dlps-dc</subfield><subfield code="u">mdp.39015078570432</subfield><subfield code="y">1875</subfield><subfield code="r">pd</subfield><subfield code="q">add</subfield></datafield></record></collection>